% Best to look for papers in www.ams.org/mrlookup

@inbook{cormen2009algorithms_ch30,
	author = "Thomas H. Cormen and Charles E. Leiserson and Ronald L. Rivest and Clifford Stein",
	title = "Polynomials and the FFT",
	booktitle = "Introduction to Algorithms",
	publisher = "MIT Press",
	year = 2009,
	edition = "3rd",
	chapter = 30,
	pages = "898-925",
}

@book{nielsen2010quantum,
	title={Quantum computation and quantum information},
	author={Nielsen, Michael A and Chuang, Isaac L},
	year={2010},
	publisher={Cambridge university press}
}

@book{wong2022introduction,
	title={Introduction to classical and quantum computing},
	author={Wong, Thomas G},
	year={2022},
	publisher={Rooted Grove Omaha, NE, USA}
}

@article{paradisi2004presentation,
	title={A presentation of the Quantum Fourier Transform from a recursive viewpoint},
	author={Paradisi, Gloria and Randriam, Hugues},
	journal={arXiv preprint quant-ph/0411069},
	year={2004}
}

@article{kitaev1995quantum,
	title={Quantum measurements and the Abelian stabilizer problem},
	author={Kitaev, A Yu},
	journal={arXiv preprint quant-ph/9511026},
	year={1995}
}

@inproceedings{shor1994algorithms,
	title={Algorithms for quantum computation: discrete logarithms and factoring},
	author={Shor, Peter W},
	booktitle={Proceedings 35th annual symposium on foundations of computer science},
	pages={124--134},
	year={1994},
	organization={Ieee}
}


@article{abrams1999quantum,
	title={Quantum algorithm providing exponential speed increase for finding eigenvalues and eigenvectors},
	author={Abrams, Daniel S and Lloyd, Seth},
	journal={Physical Review Letters},
	volume={83},
	number={24},
	pages={5162},
	year={1999},
	publisher={APS}
}

